%YAML 1.1
%TAG !u! tag:unity3d.com,2011:
--- !u!114 &7471590166068205558
MonoBehaviour:
  m_ObjectHideFlags: 0
  m_CorrespondingSourceObject: {fileID: 0}
  m_PrefabInstance: {fileID: 0}
  m_PrefabAsset: {fileID: 0}
  m_GameObject: {fileID: 2415379672863445920}
  m_Enabled: 1
  m_EditorHideFlags: 0
  m_Script: {fileID: 11500000, guid: 82163dc25f3db9d45a2fb895819223e7, type: 3}
  m_Name: 
  m_EditorClassIdentifier: 
  speedForward: 5
  durationMovement: 0.7
  jumpHeight: 3
  superSpeedForward: 20
  superDurationMovement: 1.4
  superJumpHeight: 6
  durationGiantPowerUp: 3
  giantSpeedForward: 1
  giantScale: 2
  giantDurationMovement: 1
  giantJumpheight: 3
  speedMovementPlayer: 1
  speedMovementInput: 1
  radiusSphereCastDetectionPlatform: 0.15
  speedRotationInput: 1
  speedRotationPlayer: 1
  maxAngle: 30
  minAngle: -30
  perssonageParent: {fileID: 6747085656427953560}
  numberOfChainPerfectSpotToActivateFireMode: 5
  numberOfPlatformToJump: 5
  durationMovementDuringFireMode: 5
  jumpHeightOutFireMode: 5
  durationMovementOutFireMode: 5
  tmp_platformJumpOnFireMode: 0
  numberOfChainPerfectSpot: 0
  pseudo: Theo
  durationFallInWater: 1.25
  forceProjectionWhenKilled: 20
  layerPlatform:
    serializedVersion: 2
    m_Bits: 512
  canMove: 0
  killed: 0
  isSuperJump: 0
  isGiant: 0
  isOnFireMode: 0
  isOnFinisher: 0
  isPlayer: 1
  positionInTheRace: 0
  allPlatform: []
  targetPosition: {fileID: 0}
  touchControlleur: {fileID: 0}
  racePositionText: {fileID: 8063899296098211431}
  pogoStick: {fileID: 1302898234818525214}
  flammethrower: {fileID: 2415379671732877238}
  rescueFX: {fileID: 6356856069874022698}
  jumpFeedback: {fileID: 0}
  superJumpFeedback: {fileID: 0}
  fallFeedback: {fileID: 5079327328872919688}
  jumpPerfectSpotFeedback: {fileID: 0}
  InFireModeFeedback: {fileID: 0}
  OutFireModeFeedback: {fileID: 0}
  playerPositionGamePlayUI: {fileID: 0}
  ragdollControlleur: {fileID: 0}
  circleFireMode: {fileID: 0}
  percentOfChanceToUseTrampoline: 10
  percentOfChanceToMissJump: 5
  character: {fileID: 848151410436191125}
  behindDistance: -6
  percentOfChanceToMissJumpWhenBehingPlayer: 0
  percentOfChanceToUseTrampolineWhenBehingPlayer: 20
  durationMovementBehingPlayer: 0.5
  percentOfChanceToMissJumpWhenCloseToPlayer: 7
  percentOfChanceToUseTrampolineWhenCloseToPlayer: 2
  durationMovementCloseToPlayer: 0.75
  inFrontDistance: 4
  percentOfChanceToMissJumpWhenInFrontOfPlayer: 13
  percentOfChanceToUseTrampolineJumpWhenInFrontOfPlayer: 2
  durationMovementInFrontOfPlayer: 0.9
--- !u!1001 &8407464054780730780
PrefabInstance:
  m_ObjectHideFlags: 0
  serializedVersion: 2
  m_Modification:
    m_TransformParent: {fileID: 0}
    m_Modifications:
    - target: {fileID: 1528571556, guid: 2ad62780a641f3e4ba305597526dc0ba, type: 3}
      propertyPath: m_IsActive
      value: 0
      objectReference: {fileID: 0}
    - target: {fileID: 6136285337291034171, guid: 2ad62780a641f3e4ba305597526dc0ba,
        type: 3}
      propertyPath: m_LocalPosition.x
      value: -20
      objectReference: {fileID: 0}
    - target: {fileID: 6136285337291034171, guid: 2ad62780a641f3e4ba305597526dc0ba,
        type: 3}
      propertyPath: m_LocalPosition.y
      value: 0.7
      objectReference: {fileID: 0}
    - target: {fileID: 6136285337291034171, guid: 2ad62780a641f3e4ba305597526dc0ba,
        type: 3}
      propertyPath: m_LocalPosition.z
      value: 5
      objectReference: {fileID: 0}
    - target: {fileID: 6136285337291034171, guid: 2ad62780a641f3e4ba305597526dc0ba,
        type: 3}
      propertyPath: m_LocalRotation.x
      value: -0
      objectReference: {fileID: 0}
    - target: {fileID: 6136285337291034171, guid: 2ad62780a641f3e4ba305597526dc0ba,
        type: 3}
      propertyPath: m_LocalRotation.y
      value: -0
      objectReference: {fileID: 0}
    - target: {fileID: 6136285337291034171, guid: 2ad62780a641f3e4ba305597526dc0ba,
        type: 3}
      propertyPath: m_LocalRotation.z
      value: -0
      objectReference: {fileID: 0}
    - target: {fileID: 6136285337291034171, guid: 2ad62780a641f3e4ba305597526dc0ba,
        type: 3}
      propertyPath: m_LocalRotation.w
      value: 1
      objectReference: {fileID: 0}
    - target: {fileID: 6136285337291034171, guid: 2ad62780a641f3e4ba305597526dc0ba,
        type: 3}
      propertyPath: m_RootOrder
      value: 0
      objectReference: {fileID: 0}
    - target: {fileID: 6136285337291034171, guid: 2ad62780a641f3e4ba305597526dc0ba,
        type: 3}
      propertyPath: m_LocalEulerAnglesHint.x
      value: 0
      objectReference: {fileID: 0}
    - target: {fileID: 6136285337291034171, guid: 2ad62780a641f3e4ba305597526dc0ba,
        type: 3}
      propertyPath: m_LocalEulerAnglesHint.y
      value: 0
      objectReference: {fileID: 0}
    - target: {fileID: 6136285337291034171, guid: 2ad62780a641f3e4ba305597526dc0ba,
        type: 3}
      propertyPath: m_LocalEulerAnglesHint.z
      value: 0
      objectReference: {fileID: 0}
    - target: {fileID: 6136285337291034172, guid: 2ad62780a641f3e4ba305597526dc0ba,
        type: 3}
      propertyPath: m_Name
      value: IA 1
      objectReference: {fileID: 0}
    - target: {fileID: 6136285337291034172, guid: 2ad62780a641f3e4ba305597526dc0ba,
        type: 3}
      propertyPath: m_TagString
      value: IA
      objectReference: {fileID: 0}
    - target: {fileID: 7402091541464041619, guid: 2ad62780a641f3e4ba305597526dc0ba,
        type: 3}
      propertyPath: m_Materials.Array.data[0]
      value: 
      objectReference: {fileID: 2100000, guid: 7bfe18a86ad0f8049b8569cba3c712af, type: 2}
    m_RemovedComponents:
    - {fileID: 6136285337291034169, guid: 2ad62780a641f3e4ba305597526dc0ba, type: 3}
    - {fileID: 6136285337291034170, guid: 2ad62780a641f3e4ba305597526dc0ba, type: 3}
    - {fileID: 1273292839, guid: 2ad62780a641f3e4ba305597526dc0ba, type: 3}
  m_SourcePrefab: {fileID: 100100000, guid: 2ad62780a641f3e4ba305597526dc0ba, type: 3}
--- !u!1 &2415379672863445920 stripped
GameObject:
  m_CorrespondingSourceObject: {fileID: 6136285337291034172, guid: 2ad62780a641f3e4ba305597526dc0ba,
    type: 3}
  m_PrefabInstance: {fileID: 8407464054780730780}
  m_PrefabAsset: {fileID: 0}
--- !u!4 &1302898234818525214 stripped
Transform:
  m_CorrespondingSourceObject: {fileID: 7402091541529191810, guid: 2ad62780a641f3e4ba305597526dc0ba,
    type: 3}
  m_PrefabInstance: {fileID: 8407464054780730780}
  m_PrefabAsset: {fileID: 0}
--- !u!4 &6747085656427953560 stripped
Transform:
  m_CorrespondingSourceObject: {fileID: 2958625998026268676, guid: 2ad62780a641f3e4ba305597526dc0ba,
    type: 3}
  m_PrefabInstance: {fileID: 8407464054780730780}
  m_PrefabAsset: {fileID: 0}
--- !u!1 &848151410436191125 stripped
GameObject:
  m_CorrespondingSourceObject: {fileID: 9180707917242412553, guid: 2ad62780a641f3e4ba305597526dc0ba,
    type: 3}
  m_PrefabInstance: {fileID: 8407464054780730780}
  m_PrefabAsset: {fileID: 0}
--- !u!198 &2415379671732877238 stripped
ParticleSystem:
  m_CorrespondingSourceObject: {fileID: 6136285338408348202, guid: 2ad62780a641f3e4ba305597526dc0ba,
    type: 3}
  m_PrefabInstance: {fileID: 8407464054780730780}
  m_PrefabAsset: {fileID: 0}
--- !u!114 &8063899296098211431 stripped
MonoBehaviour:
  m_CorrespondingSourceObject: {fileID: 1965233738021784571, guid: 2ad62780a641f3e4ba305597526dc0ba,
    type: 3}
  m_PrefabInstance: {fileID: 8407464054780730780}
  m_PrefabAsset: {fileID: 0}
  m_GameObject: {fileID: 0}
  m_Enabled: 1
  m_EditorHideFlags: 0
  m_Script: {fileID: 11500000, guid: 9541d86e2fd84c1d9990edf0852d74ab, type: 3}
  m_Name: 
  m_EditorClassIdentifier: 
--- !u!114 &5079327328872919688 stripped
MonoBehaviour:
  m_CorrespondingSourceObject: {fileID: 3661485080682262292, guid: 2ad62780a641f3e4ba305597526dc0ba,
    type: 3}
  m_PrefabInstance: {fileID: 8407464054780730780}
  m_PrefabAsset: {fileID: 0}
  m_GameObject: {fileID: 0}
  m_Enabled: 1
  m_EditorHideFlags: 0
  m_Script: {fileID: 11500000, guid: 841b72de2996c5c40bfb394f3d0e0a98, type: 3}
  m_Name: 
  m_EditorClassIdentifier: 
--- !u!198 &6356856069874022698 stripped
ParticleSystem:
  m_CorrespondingSourceObject: {fileID: 3212551875776898230, guid: 2ad62780a641f3e4ba305597526dc0ba,
    type: 3}
  m_PrefabInstance: {fileID: 8407464054780730780}
  m_PrefabAsset: {fileID: 0}
